@article{stasny2001nonsampling,
  title={Nonsampling Errors},
  author={Stasny, Elizabeth A},
  year={2001},
  publisher={Elsevier}
}
